@article{article:dummy,
author = {John Smith and Mary Williams},
journal = {Journal of Publications},
month = Jan,
pages = {0-0},
title = {A Dummy Citation Entry},
volume = {0},
year = {0000}
}

@Book{nise,
	author =       {Norman S. Nise},
	title =        {Engenharia de Sistemas de Controle},
	publisher =    {LTC},
	year =         {2012},
	edition =      {6 Ed}
}

@Book{corripio,
	author =       {Corripio, A. and Smith, C. A.},
	title =        {Princípios e Prática do controle Automático de Processo},
	publisher =    {LTC},
	year =         {2012}
}

@article{johansson1,
	author = {Johansson, K. H.},
	year = {2000},
	title = {The Quadruple-Tank  Process: A Multivariable Laboratory Process with an Adjustable Zero}
}

@article{johansson2,
	author = {Johansson, K. H. and Horch, A. and Wijk, O. and Hansson,A.},
	year = {1999},
	title = {Teaching Multivariable Control Using the Quadruple-Tank Process}
}

@article{takagiSugeno,
	author = {Takagi, T. and Sugeno, M.},
	year = {1985},
	title = {Fuzzy identification of systems and its applications to modeling
	and control},
	journal = {IEEE Transactions on Systems, Man, and Cybernetics},
	volume = {15}, 
	number = {1},
	pages = {116 -- 132}
}


@article{kang,
	author = {Sugeno, M. and Kang, G. T.},
	year = {1986},
	title = {Structure identification of fuzzy model}
	journal = {Fuzzy Sets and Systems}
}


@article{zadeh,
	author = {Zadeh, L. A.},
	year = {1965},
	title = {Fuzzy sets ans system}
	journal = {System Theory}
}

@article{dormido,
	author = {Dormido, S. and Esquembre, F.},
	year = {2003},
	title = {The quadruple-tank process: an interactive tool for control education}
}

@article{gatzke,
	author = {Doyle III, F J. and Gatzke, E. P. and Meadows, E. S. and Wang,C.},
	year = {2000},
	title = {Model based control of four-tank system}
}

@article{wang,
	author = {Wang, H. O. and Tanaka, K.},
	year = {1996},
	title = {An LMI-based stable fuzzy control of nonlinear systems	and its application to control of chaos},
	journal = {Proceedigns of 5th IEEE International Conference	on Fuzzy Systems}
}

@article{almeida,
	author = {Almeida, O. M. and Campos, J. C. T. and Costa, M. V. S. and Pinto, V. P},
	year = {2013},
	title = {Análise e Controle Multivariável Robusto D-LQI Otimizado via LMIs}
}

@article{oliveira,
	author = {Oliveira, R. C. L. F. and Peres, P. L. D. and Vieira, H. S.},
	year = {2014},
	title = {Relaxações LMIs com escalares para realimentação de estados robusta de sistemas politópicos. XX Congresso Brasileiro de Automática},
}

@article{boyd,
	author = {Balakrishnan, V. and Boyd, S. and Feron, E. and Ghaoui, L.},
	year = {1994},
	title = {Linear Matrix Inequalities in System and Control Theory},
	publisher = {Society for Industrial and Applied Mathematics(SIAM)}
}

@article{mercangoz,
	author = {Doyle III, F. J. and Mercangoz, M},
	year = {2007},
	title = {Distributed
	model predictive control of an experimental four-tank system}
}

@article{mozelli,
	author = {Mozelli, L. A},
	year = {2008},
	title = {Controle Fuzzy para sistemas Takagi-Sugeno: Condições Aprimoradas e Aplicações}
}

@article{tanakaWang,
	author = {Tanaka, K. and Wang, H. O},
	year = {2010},
	title = {Fuzzy Control Systems Design and Analysis: A Linear Matrix Inequality Approcah}
}

@article{palmor,
	author = {Palmor, Z. J. and Shneiderman, D.},
	year = {2010},
	title = {Properties and control of the quadruple-tank process with multivariable dead-times}
}

@article{tanakaSug,
	author = {Tanaka, K. and Sugeno, M},
	year = {1190},
	title = {Stability analysis of fuzzy sysstems using Lyapunov's direct method}
}

@article{lyapunov,
	author = {Lyapunvo, A. M.},
	year = {1992},
	title = {The general problem of stability of motion}
}

@manual{rslinx,
	organization = {Allan-Bradley and Rocwell Automation},
	year = {2014},
	title = {RSLinx Classic Getting Results Guide}
}

@manual{ethernetmodule,
	organization = {Allan-Bradley and Rocwell Automation},
	year = {2014},
	title = {User Manual - EtherNet/IP Network Configuration}
}

@manual{analogmodules,
	organization = {Allan-Bradley and Rocwell Automation},
	year = {2014},
	title = {User Manual - ControlLogix Analog I/O Modules}
}

@manual{logix5000,
	organization = {Allan-Bradley and Rocwell Automation},
	year = {2014},
	title = {Quick Start - Logix5000 Controllers}
}

@manual{rsTexEst,
	organization = {Allan-Bradley and Rocwell Automation},
	year = {2016},
	title = {Logix5000 Controllers Structured Text}
}