@Book{nise,
  author =       {Norman S. Nise},
  title =        {Engenharia de Sistemas de Controle},
  publisher =    {LTC},
  year =         {2012},
  edition =      {6 Ed}
}

@Book{corripio,
  author =       {Corripio, A. and Smith, C. A.},
  title =        {Princípios e Prática do controle Automático de Processo},
  publisher =    {LTC},
  year =         {2012}
}

@manual{controllogix,
	organization = {Allan-Bradley and Rocwell Automation},
	year = {2014},
	title = {User Manual - ControlLogix System}
}

@manual{rslinx,
	organization = {Allan-Bradley and Rocwell Automation},
	year = {2014},
	title = {RSLinx Classic Getting Results Guide}
}

@manual{ethernetmodule,
	organization = {Allan-Bradley and Rocwell Automation},
	year = {2014},
	title = {User Manual - EtherNet/IP Network Configuration}
}

@manual{analogmodules,
	organization = {Allan-Bradley and Rocwell Automation},
	year = {2014},
	title = {User Manual - ControlLogix Analog I/O Modules}
}

@manual{logix5000,
	organization = {Allan-Bradley and Rocwell Automation},
	year = {2014},
	title = {Quick Start - Logix5000 Controllers}
}

@article{johansson1,
  author = {Johansson, K. H.},
  year = {2000},
  title = {The Quadruple-Tank  Process: A Multivariable Laboratory Process with an Adjustable Zero}
}

@article{johansson2,
  author = {Johansson, K. H. and Horch, A. and Wijk, O. and Hansson,A.},
  year = {1999},
  title = {Teaching Multivariable Control Using the Quadruple-Tank Process}
}

@article{dormido,
  author = {Dormido, S. and Esquembre, F.},
  year = {2003},
  title = {The quadruple-tank process: an interactive tool for control education}
}

@article{gatzke,
  author = {Doyle III, F J. and Gatzke, E. P. and Meadows, E. S. and Wang,C.},
  year = {2000},
  title = {Model based control of four-tank system}
}

@article{almeida,
  author = {Almeida, O. M. and Campos, J. C. T. and Costa, M. V. S. and Pinto, V. P},
  year = {2013},
  title = {Análise e Controle Multivariável Robusto D-LQI Otimizado via LMIs}
}

@article{oliveira,
  author = {Oliveira, R. C. L. F. and Peres, P. L. D. and Vieira, H. S.},
  year = {2014},
  title = {Relaxações LMIs com escalares para realimentação de estados robusta de sistemas politópicos. XX Congresso Brasileiro de Automática},
}

@article{boyd,
  author = {Balakrishnan, V. and Boyd, S. and Feron, E. and Ghaoui, L.},
  year = {1994},
  title = {Linear Matrix Inequalities in System and Control Theory},
  publisher = {Society for Industrial and Applied Mathematics(SIAM)}
}

@article{mercangoz,
  author = {Doyle III, F. J. and Mercangoz, M},
  year = {2007},
  title = {Distributed
model predictive control of an experimental four-tank system}
}

@article{palmor,
  author = {Palmor, Z. J. and Shneiderman, D.},
  year = {2010},
  title = {Properties and control of the quadruple-tank process with multivariable dead-times}
}